<record><leader>00000cas a2200000 a 4500</leader><controlfield tag="001">11586883</controlfield><controlfield tag="008">850116c19839999ilucr ne      0   a0eng c</controlfield><datafield ind1=" " ind2=" " tag="010"><subfield code="a">sn 85000232 </subfield></datafield><datafield ind1=" " ind2=" " tag="040"><subfield code="a">NSD</subfield><subfield code="b">eng</subfield><subfield code="c">NSD</subfield><subfield code="d">NVF</subfield><subfield code="d">OCLCQ</subfield><subfield code="d">CVF</subfield><subfield code="d">OCLCQ</subfield><subfield code="d">NVF</subfield><subfield code="d">OCLCF</subfield><subfield code="d">OCLCO</subfield><subfield code="d">NVF</subfield></datafield><datafield ind1=" " ind2=" " tag="012"><subfield code="j">0</subfield><subfield code="m">1</subfield></datafield><datafield ind1="1" ind2=" " tag="022"><subfield code="a">8750-5932</subfield><subfield code="l">8750-5932</subfield><subfield code="2">1</subfield></datafield><datafield ind1="1" ind2=" " tag="029"><subfield code="a">AU@</subfield><subfield code="b">000020349041</subfield></datafield><datafield ind1="1" ind2=" " tag="029"><subfield code="a">NZ1</subfield><subfield code="b">16053033</subfield></datafield><datafield ind1=" " ind2=" " tag="032"><subfield code="a">444090</subfield><subfield code="b">USPS</subfield></datafield><datafield ind1=" " ind2=" " tag="037"><subfield code="b">Williams Press, Inc., P.O. Box 157, 1526 Otto Boulevard, Chicago Heights, Ill. 60411</subfield></datafield><datafield ind1=" " ind2=" " tag="042"><subfield code="a">nsdp</subfield><subfield code="a">pcc</subfield></datafield><datafield ind1=" " ind2=" " tag="043"><subfield code="a">n-us-il</subfield></datafield><datafield ind1="0" ind2=" " tag="130"><subfield code="a">Star (Chicago Heights, Ill.)</subfield></datafield><datafield ind1=" " ind2="4" tag="222"><subfield code="a">The Star</subfield><subfield code="b">(Chicago Heights, Ill.)</subfield></datafield><datafield ind1="1" ind2="4" tag="245"><subfield code="a">The star.</subfield></datafield><datafield ind1="1" ind2="3" tag="246"><subfield code="a">Chicago Heights area star</subfield></datafield><datafield ind1=" " ind2=" " tag="260"><subfield code="a">Chicago Heights, Ill. :</subfield><subfield code="b">Charles W. Williams,</subfield><subfield code="c">1983-</subfield></datafield><datafield ind1=" " ind2=" " tag="300"><subfield code="a">volumes</subfield></datafield><datafield ind1=" " ind2=" " tag="310"><subfield code="a">Semiweekly</subfield></datafield><datafield ind1="0" ind2=" " tag="362"><subfield code="a">83rd year, no. 59 (Oct. 16, 1983)-</subfield></datafield><datafield ind1=" " ind2=" " tag="515"><subfield code="a">Continues the numbering of Chicago Heights star.</subfield></datafield><datafield ind1=" " ind2="0" tag="651"><subfield code="a">Chicago Heights (Ill.)</subfield><subfield code="v">Newspapers.</subfield></datafield><datafield ind1=" " ind2="7" tag="651"><subfield code="a">Illinois</subfield><subfield code="z">Chicago Heights.</subfield><subfield code="2">fast</subfield><subfield code="0">(OCoLC)fst01202814</subfield></datafield><datafield ind1=" " ind2="7" tag="655"><subfield code="a">Newspapers.</subfield><subfield code="2">fast</subfield><subfield code="0">(OCoLC)fst01423814</subfield></datafield><datafield ind1=" " ind2=" " tag="752"><subfield code="a">United States</subfield><subfield code="b">Illinois</subfield><subfield code="c">Cook</subfield><subfield code="d">Chicago Heights.</subfield></datafield><datafield ind1="0" ind2="0" tag="780"><subfield code="t">Chicago Heights star</subfield><subfield code="w">(DLC)sn 94060671</subfield><subfield code="w">(OCoLC)31203209</subfield></datafield></record>